%YAML 1.1
%TAG !u! tag:unity3d.com,2011:
--- !u!1 &217226658618670716
GameObject:
  m_ObjectHideFlags: 0
  m_CorrespondingSourceObject: {fileID: 0}
  m_PrefabInstance: {fileID: 0}
  m_PrefabAsset: {fileID: 0}
  serializedVersion: 6
  m_Component:
  - component: {fileID: 7227814309181354462}
  m_Layer: 0
  m_Name: estantes
  m_TagString: Untagged
  m_Icon: {fileID: 0}
  m_NavMeshLayer: 0
  m_StaticEditorFlags: 0
  m_IsActive: 1
--- !u!4 &7227814309181354462
Transform:
  m_ObjectHideFlags: 0
  m_CorrespondingSourceObject: {fileID: 0}
  m_PrefabInstance: {fileID: 0}
  m_PrefabAsset: {fileID: 0}
  m_GameObject: {fileID: 217226658618670716}
  m_LocalRotation: {x: -0, y: -0, z: 0.0041861343, w: 0.99999124}
  m_LocalPosition: {x: 3.0626955, y: 0.91693676, z: 3.0809412}
  m_LocalScale: {x: 0.16666667, y: 0.16666667, z: 0.16666667}
  m_Children:
  - {fileID: 1546331679910525935}
  - {fileID: 7272862448434976752}
  - {fileID: 6363835174063845383}
  - {fileID: 6469948477476648527}
  - {fileID: 1992454355471835364}
  - {fileID: 2336548750879629876}
  - {fileID: 1824045712230828131}
  - {fileID: 1113437388601826413}
  - {fileID: 5839102086866014322}
  m_Father: {fileID: 0}
  m_RootOrder: 0
  m_LocalEulerAnglesHint: {x: 0, y: 0, z: 0}
--- !u!1001 &261895680085074609
PrefabInstance:
  m_ObjectHideFlags: 0
  serializedVersion: 2
  m_Modification:
    m_TransformParent: {fileID: 7227814309181354462}
    m_Modifications:
    - target: {fileID: 1277315845190168680, guid: 457314899d1a1954fafb7ce6350e6eb6, type: 3}
      propertyPath: m_Name
      value: book 10
      objectReference: {fileID: 0}
    - target: {fileID: 1941684014934518482, guid: 457314899d1a1954fafb7ce6350e6eb6, type: 3}
      propertyPath: m_RootOrder
      value: 6
      objectReference: {fileID: 0}
    - target: {fileID: 1941684014934518482, guid: 457314899d1a1954fafb7ce6350e6eb6, type: 3}
      propertyPath: m_LocalScale.x
      value: 20
      objectReference: {fileID: 0}
    - target: {fileID: 1941684014934518482, guid: 457314899d1a1954fafb7ce6350e6eb6, type: 3}
      propertyPath: m_LocalScale.y
      value: 20
      objectReference: {fileID: 0}
    - target: {fileID: 1941684014934518482, guid: 457314899d1a1954fafb7ce6350e6eb6, type: 3}
      propertyPath: m_LocalScale.z
      value: 20
      objectReference: {fileID: 0}
    - target: {fileID: 1941684014934518482, guid: 457314899d1a1954fafb7ce6350e6eb6, type: 3}
      propertyPath: m_LocalPosition.x
      value: 11.812
      objectReference: {fileID: 0}
    - target: {fileID: 1941684014934518482, guid: 457314899d1a1954fafb7ce6350e6eb6, type: 3}
      propertyPath: m_LocalPosition.y
      value: -0.01
      objectReference: {fileID: 0}
    - target: {fileID: 1941684014934518482, guid: 457314899d1a1954fafb7ce6350e6eb6, type: 3}
      propertyPath: m_LocalPosition.z
      value: -26.852
      objectReference: {fileID: 0}
    - target: {fileID: 1941684014934518482, guid: 457314899d1a1954fafb7ce6350e6eb6, type: 3}
      propertyPath: m_LocalRotation.w
      value: 0
      objectReference: {fileID: 0}
    - target: {fileID: 1941684014934518482, guid: 457314899d1a1954fafb7ce6350e6eb6, type: 3}
      propertyPath: m_LocalRotation.x
      value: 0
      objectReference: {fileID: 0}
    - target: {fileID: 1941684014934518482, guid: 457314899d1a1954fafb7ce6350e6eb6, type: 3}
      propertyPath: m_LocalRotation.y
      value: 1
      objectReference: {fileID: 0}
    - target: {fileID: 1941684014934518482, guid: 457314899d1a1954fafb7ce6350e6eb6, type: 3}
      propertyPath: m_LocalRotation.z
      value: 0
      objectReference: {fileID: 0}
    - target: {fileID: 1941684014934518482, guid: 457314899d1a1954fafb7ce6350e6eb6, type: 3}
      propertyPath: m_LocalEulerAnglesHint.x
      value: 0
      objectReference: {fileID: 0}
    - target: {fileID: 1941684014934518482, guid: 457314899d1a1954fafb7ce6350e6eb6, type: 3}
      propertyPath: m_LocalEulerAnglesHint.y
      value: 180
      objectReference: {fileID: 0}
    - target: {fileID: 1941684014934518482, guid: 457314899d1a1954fafb7ce6350e6eb6, type: 3}
      propertyPath: m_LocalEulerAnglesHint.z
      value: 0
      objectReference: {fileID: 0}
    m_RemovedComponents: []
  m_SourcePrefab: {fileID: 100100000, guid: 457314899d1a1954fafb7ce6350e6eb6, type: 3}
--- !u!4 &1824045712230828131 stripped
Transform:
  m_CorrespondingSourceObject: {fileID: 1941684014934518482, guid: 457314899d1a1954fafb7ce6350e6eb6, type: 3}
  m_PrefabInstance: {fileID: 261895680085074609}
  m_PrefabAsset: {fileID: 0}
--- !u!1001 &948373735747816436
PrefabInstance:
  m_ObjectHideFlags: 0
  serializedVersion: 2
  m_Modification:
    m_TransformParent: {fileID: 7227814309181354462}
    m_Modifications:
    - target: {fileID: 6298904370769248572, guid: 7fa53b7c77bc446448dd9d600ef68356, type: 3}
      propertyPath: m_Name
      value: book 12
      objectReference: {fileID: 0}
    - target: {fileID: 6638838608946731910, guid: 7fa53b7c77bc446448dd9d600ef68356, type: 3}
      propertyPath: m_RootOrder
      value: 8
      objectReference: {fileID: 0}
    - target: {fileID: 6638838608946731910, guid: 7fa53b7c77bc446448dd9d600ef68356, type: 3}
      propertyPath: m_LocalScale.x
      value: 20
      objectReference: {fileID: 0}
    - target: {fileID: 6638838608946731910, guid: 7fa53b7c77bc446448dd9d600ef68356, type: 3}
      propertyPath: m_LocalScale.y
      value: 20
      objectReference: {fileID: 0}
    - target: {fileID: 6638838608946731910, guid: 7fa53b7c77bc446448dd9d600ef68356, type: 3}
      propertyPath: m_LocalScale.z
      value: 20
      objectReference: {fileID: 0}
    - target: {fileID: 6638838608946731910, guid: 7fa53b7c77bc446448dd9d600ef68356, type: 3}
      propertyPath: m_LocalPosition.x
      value: 11.812001
      objectReference: {fileID: 0}
    - target: {fileID: 6638838608946731910, guid: 7fa53b7c77bc446448dd9d600ef68356, type: 3}
      propertyPath: m_LocalPosition.y
      value: -0.01000011
      objectReference: {fileID: 0}
    - target: {fileID: 6638838608946731910, guid: 7fa53b7c77bc446448dd9d600ef68356, type: 3}
      propertyPath: m_LocalPosition.z
      value: -26.996
      objectReference: {fileID: 0}
    - target: {fileID: 6638838608946731910, guid: 7fa53b7c77bc446448dd9d600ef68356, type: 3}
      propertyPath: m_LocalRotation.w
      value: 0
      objectReference: {fileID: 0}
    - target: {fileID: 6638838608946731910, guid: 7fa53b7c77bc446448dd9d600ef68356, type: 3}
      propertyPath: m_LocalRotation.x
      value: 0
      objectReference: {fileID: 0}
    - target: {fileID: 6638838608946731910, guid: 7fa53b7c77bc446448dd9d600ef68356, type: 3}
      propertyPath: m_LocalRotation.y
      value: 1
      objectReference: {fileID: 0}
    - target: {fileID: 6638838608946731910, guid: 7fa53b7c77bc446448dd9d600ef68356, type: 3}
      propertyPath: m_LocalRotation.z
      value: 0
      objectReference: {fileID: 0}
    - target: {fileID: 6638838608946731910, guid: 7fa53b7c77bc446448dd9d600ef68356, type: 3}
      propertyPath: m_LocalEulerAnglesHint.x
      value: 0
      objectReference: {fileID: 0}
    - target: {fileID: 6638838608946731910, guid: 7fa53b7c77bc446448dd9d600ef68356, type: 3}
      propertyPath: m_LocalEulerAnglesHint.y
      value: 180
      objectReference: {fileID: 0}
    - target: {fileID: 6638838608946731910, guid: 7fa53b7c77bc446448dd9d600ef68356, type: 3}
      propertyPath: m_LocalEulerAnglesHint.z
      value: 0
      objectReference: {fileID: 0}
    m_RemovedComponents: []
  m_SourcePrefab: {fileID: 100100000, guid: 7fa53b7c77bc446448dd9d600ef68356, type: 3}
--- !u!4 &5839102086866014322 stripped
Transform:
  m_CorrespondingSourceObject: {fileID: 6638838608946731910, guid: 7fa53b7c77bc446448dd9d600ef68356, type: 3}
  m_PrefabInstance: {fileID: 948373735747816436}
  m_PrefabAsset: {fileID: 0}
--- !u!1001 &3859197075325437673
PrefabInstance:
  m_ObjectHideFlags: 0
  serializedVersion: 2
  m_Modification:
    m_TransformParent: {fileID: 7227814309181354462}
    m_Modifications:
    - target: {fileID: 2694227116166986935, guid: 9449aa5930b54e94eb45a954b852bc27, type: 3}
      propertyPath: m_Name
      value: book 6
      objectReference: {fileID: 0}
    - target: {fileID: 3325910407904486925, guid: 9449aa5930b54e94eb45a954b852bc27, type: 3}
      propertyPath: m_RootOrder
      value: 4
      objectReference: {fileID: 0}
    - target: {fileID: 3325910407904486925, guid: 9449aa5930b54e94eb45a954b852bc27, type: 3}
      propertyPath: m_LocalScale.x
      value: 20
      objectReference: {fileID: 0}
    - target: {fileID: 3325910407904486925, guid: 9449aa5930b54e94eb45a954b852bc27, type: 3}
      propertyPath: m_LocalScale.y
      value: 20
      objectReference: {fileID: 0}
    - target: {fileID: 3325910407904486925, guid: 9449aa5930b54e94eb45a954b852bc27, type: 3}
      propertyPath: m_LocalScale.z
      value: 20
      objectReference: {fileID: 0}
    - target: {fileID: 3325910407904486925, guid: 9449aa5930b54e94eb45a954b852bc27, type: 3}
      propertyPath: m_LocalPosition.x
      value: 11.861
      objectReference: {fileID: 0}
    - target: {fileID: 3325910407904486925, guid: 9449aa5930b54e94eb45a954b852bc27, type: 3}
      propertyPath: m_LocalPosition.y
      value: -0.01
      objectReference: {fileID: 0}
    - target: {fileID: 3325910407904486925, guid: 9449aa5930b54e94eb45a954b852bc27, type: 3}
      propertyPath: m_LocalPosition.z
      value: -26.538
      objectReference: {fileID: 0}
    - target: {fileID: 3325910407904486925, guid: 9449aa5930b54e94eb45a954b852bc27, type: 3}
      propertyPath: m_LocalRotation.w
      value: 0
      objectReference: {fileID: 0}
    - target: {fileID: 3325910407904486925, guid: 9449aa5930b54e94eb45a954b852bc27, type: 3}
      propertyPath: m_LocalRotation.x
      value: 0
      objectReference: {fileID: 0}
    - target: {fileID: 3325910407904486925, guid: 9449aa5930b54e94eb45a954b852bc27, type: 3}
      propertyPath: m_LocalRotation.y
      value: 1
      objectReference: {fileID: 0}
    - target: {fileID: 3325910407904486925, guid: 9449aa5930b54e94eb45a954b852bc27, type: 3}
      propertyPath: m_LocalRotation.z
      value: 0
      objectReference: {fileID: 0}
    - target: {fileID: 3325910407904486925, guid: 9449aa5930b54e94eb45a954b852bc27, type: 3}
      propertyPath: m_LocalEulerAnglesHint.x
      value: 0
      objectReference: {fileID: 0}
    - target: {fileID: 3325910407904486925, guid: 9449aa5930b54e94eb45a954b852bc27, type: 3}
      propertyPath: m_LocalEulerAnglesHint.y
      value: 180
      objectReference: {fileID: 0}
    - target: {fileID: 3325910407904486925, guid: 9449aa5930b54e94eb45a954b852bc27, type: 3}
      propertyPath: m_LocalEulerAnglesHint.z
      value: 0
      objectReference: {fileID: 0}
    m_RemovedComponents: []
  m_SourcePrefab: {fileID: 100100000, guid: 9449aa5930b54e94eb45a954b852bc27, type: 3}
--- !u!4 &1992454355471835364 stripped
Transform:
  m_CorrespondingSourceObject: {fileID: 3325910407904486925, guid: 9449aa5930b54e94eb45a954b852bc27, type: 3}
  m_PrefabInstance: {fileID: 3859197075325437673}
  m_PrefabAsset: {fileID: 0}
--- !u!1001 &3933748354555299050
PrefabInstance:
  m_ObjectHideFlags: 0
  serializedVersion: 2
  m_Modification:
    m_TransformParent: {fileID: 7227814309181354462}
    m_Modifications:
    - target: {fileID: 7211798169362409503, guid: 4e968b1e3e094d243b51a44faa49350b, type: 3}
      propertyPath: m_Name
      value: book 5
      objectReference: {fileID: 0}
    - target: {fileID: 8025032546785489573, guid: 4e968b1e3e094d243b51a44faa49350b, type: 3}
      propertyPath: m_RootOrder
      value: 3
      objectReference: {fileID: 0}
    - target: {fileID: 8025032546785489573, guid: 4e968b1e3e094d243b51a44faa49350b, type: 3}
      propertyPath: m_LocalScale.x
      value: 20
      objectReference: {fileID: 0}
    - target: {fileID: 8025032546785489573, guid: 4e968b1e3e094d243b51a44faa49350b, type: 3}
      propertyPath: m_LocalScale.y
      value: 20
      objectReference: {fileID: 0}
    - target: {fileID: 8025032546785489573, guid: 4e968b1e3e094d243b51a44faa49350b, type: 3}
      propertyPath: m_LocalScale.z
      value: 20
      objectReference: {fileID: 0}
    - target: {fileID: 8025032546785489573, guid: 4e968b1e3e094d243b51a44faa49350b, type: 3}
      propertyPath: m_LocalPosition.x
      value: 11.873
      objectReference: {fileID: 0}
    - target: {fileID: 8025032546785489573, guid: 4e968b1e3e094d243b51a44faa49350b, type: 3}
      propertyPath: m_LocalPosition.y
      value: -0.017
      objectReference: {fileID: 0}
    - target: {fileID: 8025032546785489573, guid: 4e968b1e3e094d243b51a44faa49350b, type: 3}
      propertyPath: m_LocalPosition.z
      value: -26.411
      objectReference: {fileID: 0}
    - target: {fileID: 8025032546785489573, guid: 4e968b1e3e094d243b51a44faa49350b, type: 3}
      propertyPath: m_LocalRotation.w
      value: 5.820767e-11
      objectReference: {fileID: 0}
    - target: {fileID: 8025032546785489573, guid: 4e968b1e3e094d243b51a44faa49350b, type: 3}
      propertyPath: m_LocalRotation.x
      value: -0
      objectReference: {fileID: 0}
    - target: {fileID: 8025032546785489573, guid: 4e968b1e3e094d243b51a44faa49350b, type: 3}
      propertyPath: m_LocalRotation.y
      value: 0.9904318
      objectReference: {fileID: 0}
    - target: {fileID: 8025032546785489573, guid: 4e968b1e3e094d243b51a44faa49350b, type: 3}
      propertyPath: m_LocalRotation.z
      value: 0.13800345
      objectReference: {fileID: 0}
    - target: {fileID: 8025032546785489573, guid: 4e968b1e3e094d243b51a44faa49350b, type: 3}
      propertyPath: m_LocalEulerAnglesHint.x
      value: -15.865
      objectReference: {fileID: 0}
    - target: {fileID: 8025032546785489573, guid: 4e968b1e3e094d243b51a44faa49350b, type: 3}
      propertyPath: m_LocalEulerAnglesHint.y
      value: 180
      objectReference: {fileID: 0}
    - target: {fileID: 8025032546785489573, guid: 4e968b1e3e094d243b51a44faa49350b, type: 3}
      propertyPath: m_LocalEulerAnglesHint.z
      value: 0
      objectReference: {fileID: 0}
    m_RemovedComponents: []
  m_SourcePrefab: {fileID: 100100000, guid: 4e968b1e3e094d243b51a44faa49350b, type: 3}
--- !u!4 &6469948477476648527 stripped
Transform:
  m_CorrespondingSourceObject: {fileID: 8025032546785489573, guid: 4e968b1e3e094d243b51a44faa49350b, type: 3}
  m_PrefabInstance: {fileID: 3933748354555299050}
  m_PrefabAsset: {fileID: 0}
--- !u!1001 &4029846352615989733
PrefabInstance:
  m_ObjectHideFlags: 0
  serializedVersion: 2
  m_Modification:
    m_TransformParent: {fileID: 7227814309181354462}
    m_Modifications:
    - target: {fileID: 2493111349944228362, guid: 5553f3ae9f7b5f2449baabde3832defa, type: 3}
      propertyPath: m_RootOrder
      value: 0
      objectReference: {fileID: 0}
    - target: {fileID: 2493111349944228362, guid: 5553f3ae9f7b5f2449baabde3832defa, type: 3}
      propertyPath: m_LocalScale.x
      value: 46.924797
      objectReference: {fileID: 0}
    - target: {fileID: 2493111349944228362, guid: 5553f3ae9f7b5f2449baabde3832defa, type: 3}
      propertyPath: m_LocalScale.y
      value: 46.924797
      objectReference: {fileID: 0}
    - target: {fileID: 2493111349944228362, guid: 5553f3ae9f7b5f2449baabde3832defa, type: 3}
      propertyPath: m_LocalScale.z
      value: 46.924797
      objectReference: {fileID: 0}
    - target: {fileID: 2493111349944228362, guid: 5553f3ae9f7b5f2449baabde3832defa, type: 3}
      propertyPath: m_LocalPosition.x
      value: 11.836165
      objectReference: {fileID: 0}
    - target: {fileID: 2493111349944228362, guid: 5553f3ae9f7b5f2449baabde3832defa, type: 3}
      propertyPath: m_LocalPosition.y
      value: -1.6010706
      objectReference: {fileID: 0}
    - target: {fileID: 2493111349944228362, guid: 5553f3ae9f7b5f2449baabde3832defa, type: 3}
      propertyPath: m_LocalPosition.z
      value: -26.960075
      objectReference: {fileID: 0}
    - target: {fileID: 2493111349944228362, guid: 5553f3ae9f7b5f2449baabde3832defa, type: 3}
      propertyPath: m_LocalRotation.w
      value: 0.99999124
      objectReference: {fileID: 0}
    - target: {fileID: 2493111349944228362, guid: 5553f3ae9f7b5f2449baabde3832defa, type: 3}
      propertyPath: m_LocalRotation.x
      value: -0
      objectReference: {fileID: 0}
    - target: {fileID: 2493111349944228362, guid: 5553f3ae9f7b5f2449baabde3832defa, type: 3}
      propertyPath: m_LocalRotation.y
      value: -0
      objectReference: {fileID: 0}
    - target: {fileID: 2493111349944228362, guid: 5553f3ae9f7b5f2449baabde3832defa, type: 3}
      propertyPath: m_LocalRotation.z
      value: -0.0041861343
      objectReference: {fileID: 0}
    - target: {fileID: 2493111349944228362, guid: 5553f3ae9f7b5f2449baabde3832defa, type: 3}
      propertyPath: m_LocalEulerAnglesHint.x
      value: 0
      objectReference: {fileID: 0}
    - target: {fileID: 2493111349944228362, guid: 5553f3ae9f7b5f2449baabde3832defa, type: 3}
      propertyPath: m_LocalEulerAnglesHint.y
      value: 0
      objectReference: {fileID: 0}
    - target: {fileID: 2493111349944228362, guid: 5553f3ae9f7b5f2449baabde3832defa, type: 3}
      propertyPath: m_LocalEulerAnglesHint.z
      value: 0
      objectReference: {fileID: 0}
    - target: {fileID: 3013646184273920176, guid: 5553f3ae9f7b5f2449baabde3832defa, type: 3}
      propertyPath: m_Name
      value: "estanter\xEDa"
      objectReference: {fileID: 0}
    - target: {fileID: 8128061514239018066, guid: 5553f3ae9f7b5f2449baabde3832defa, type: 3}
      propertyPath: m_Materials.Array.data[0]
      value: 
      objectReference: {fileID: 2100000, guid: be1f938217264f34c80959008ecde76d, type: 2}
    - target: {fileID: 8128061514239018066, guid: 5553f3ae9f7b5f2449baabde3832defa, type: 3}
      propertyPath: m_Materials.Array.data[1]
      value: 
      objectReference: {fileID: 2100000, guid: 3e035d494d14ea346ae00727e798413e, type: 2}
    m_RemovedComponents: []
  m_SourcePrefab: {fileID: 100100000, guid: 5553f3ae9f7b5f2449baabde3832defa, type: 3}
--- !u!4 &1546331679910525935 stripped
Transform:
  m_CorrespondingSourceObject: {fileID: 2493111349944228362, guid: 5553f3ae9f7b5f2449baabde3832defa, type: 3}
  m_PrefabInstance: {fileID: 4029846352615989733}
  m_PrefabAsset: {fileID: 0}
--- !u!1001 &4754923991152987265
PrefabInstance:
  m_ObjectHideFlags: 0
  serializedVersion: 2
  m_Modification:
    m_TransformParent: {fileID: 7227814309181354462}
    m_Modifications:
    - target: {fileID: 5027296904604043862, guid: c18bbea8c5b761b4f9015fea22267c6d, type: 3}
      propertyPath: m_Name
      value: book 11
      objectReference: {fileID: 0}
    - target: {fileID: 5660843633132703980, guid: c18bbea8c5b761b4f9015fea22267c6d, type: 3}
      propertyPath: m_RootOrder
      value: 7
      objectReference: {fileID: 0}
    - target: {fileID: 5660843633132703980, guid: c18bbea8c5b761b4f9015fea22267c6d, type: 3}
      propertyPath: m_LocalScale.x
      value: 20
      objectReference: {fileID: 0}
    - target: {fileID: 5660843633132703980, guid: c18bbea8c5b761b4f9015fea22267c6d, type: 3}
      propertyPath: m_LocalScale.y
      value: 20
      objectReference: {fileID: 0}
    - target: {fileID: 5660843633132703980, guid: c18bbea8c5b761b4f9015fea22267c6d, type: 3}
      propertyPath: m_LocalScale.z
      value: 20
      objectReference: {fileID: 0}
    - target: {fileID: 5660843633132703980, guid: c18bbea8c5b761b4f9015fea22267c6d, type: 3}
      propertyPath: m_LocalPosition.x
      value: 11.812001
      objectReference: {fileID: 0}
    - target: {fileID: 5660843633132703980, guid: c18bbea8c5b761b4f9015fea22267c6d, type: 3}
      propertyPath: m_LocalPosition.y
      value: -0.01000011
      objectReference: {fileID: 0}
    - target: {fileID: 5660843633132703980, guid: c18bbea8c5b761b4f9015fea22267c6d, type: 3}
      propertyPath: m_LocalPosition.z
      value: -26.924
      objectReference: {fileID: 0}
    - target: {fileID: 5660843633132703980, guid: c18bbea8c5b761b4f9015fea22267c6d, type: 3}
      propertyPath: m_LocalRotation.w
      value: 0
      objectReference: {fileID: 0}
    - target: {fileID: 5660843633132703980, guid: c18bbea8c5b761b4f9015fea22267c6d, type: 3}
      propertyPath: m_LocalRotation.x
      value: 0
      objectReference: {fileID: 0}
    - target: {fileID: 5660843633132703980, guid: c18bbea8c5b761b4f9015fea22267c6d, type: 3}
      propertyPath: m_LocalRotation.y
      value: 1
      objectReference: {fileID: 0}
    - target: {fileID: 5660843633132703980, guid: c18bbea8c5b761b4f9015fea22267c6d, type: 3}
      propertyPath: m_LocalRotation.z
      value: 0
      objectReference: {fileID: 0}
    - target: {fileID: 5660843633132703980, guid: c18bbea8c5b761b4f9015fea22267c6d, type: 3}
      propertyPath: m_LocalEulerAnglesHint.x
      value: 0
      objectReference: {fileID: 0}
    - target: {fileID: 5660843633132703980, guid: c18bbea8c5b761b4f9015fea22267c6d, type: 3}
      propertyPath: m_LocalEulerAnglesHint.y
      value: 180
      objectReference: {fileID: 0}
    - target: {fileID: 5660843633132703980, guid: c18bbea8c5b761b4f9015fea22267c6d, type: 3}
      propertyPath: m_LocalEulerAnglesHint.z
      value: 0
      objectReference: {fileID: 0}
    m_RemovedComponents: []
  m_SourcePrefab: {fileID: 100100000, guid: c18bbea8c5b761b4f9015fea22267c6d, type: 3}
--- !u!4 &1113437388601826413 stripped
Transform:
  m_CorrespondingSourceObject: {fileID: 5660843633132703980, guid: c18bbea8c5b761b4f9015fea22267c6d, type: 3}
  m_PrefabInstance: {fileID: 4754923991152987265}
  m_PrefabAsset: {fileID: 0}
--- !u!1001 &4867082544365635253
PrefabInstance:
  m_ObjectHideFlags: 0
  serializedVersion: 2
  m_Modification:
    m_TransformParent: {fileID: 7227814309181354462}
    m_Modifications:
    - target: {fileID: 7198528448895853697, guid: 704d51d8df12940458b3c6b65da9e9f9, type: 3}
      propertyPath: m_RootOrder
      value: 5
      objectReference: {fileID: 0}
    - target: {fileID: 7198528448895853697, guid: 704d51d8df12940458b3c6b65da9e9f9, type: 3}
      propertyPath: m_LocalScale.x
      value: 20
      objectReference: {fileID: 0}
    - target: {fileID: 7198528448895853697, guid: 704d51d8df12940458b3c6b65da9e9f9, type: 3}
      propertyPath: m_LocalScale.y
      value: 20
      objectReference: {fileID: 0}
    - target: {fileID: 7198528448895853697, guid: 704d51d8df12940458b3c6b65da9e9f9, type: 3}
      propertyPath: m_LocalScale.z
      value: 20
      objectReference: {fileID: 0}
    - target: {fileID: 7198528448895853697, guid: 704d51d8df12940458b3c6b65da9e9f9, type: 3}
      propertyPath: m_LocalPosition.x
      value: 11.82
      objectReference: {fileID: 0}
    - target: {fileID: 7198528448895853697, guid: 704d51d8df12940458b3c6b65da9e9f9, type: 3}
      propertyPath: m_LocalPosition.y
      value: -0.015
      objectReference: {fileID: 0}
    - target: {fileID: 7198528448895853697, guid: 704d51d8df12940458b3c6b65da9e9f9, type: 3}
      propertyPath: m_LocalPosition.z
      value: -26.722
      objectReference: {fileID: 0}
    - target: {fileID: 7198528448895853697, guid: 704d51d8df12940458b3c6b65da9e9f9, type: 3}
      propertyPath: m_LocalRotation.w
      value: 5.820767e-11
      objectReference: {fileID: 0}
    - target: {fileID: 7198528448895853697, guid: 704d51d8df12940458b3c6b65da9e9f9, type: 3}
      propertyPath: m_LocalRotation.x
      value: 4.6566134e-10
      objectReference: {fileID: 0}
    - target: {fileID: 7198528448895853697, guid: 704d51d8df12940458b3c6b65da9e9f9, type: 3}
      propertyPath: m_LocalRotation.y
      value: 0.98822695
      objectReference: {fileID: 0}
    - target: {fileID: 7198528448895853697, guid: 704d51d8df12940458b3c6b65da9e9f9, type: 3}
      propertyPath: m_LocalRotation.z
      value: -0.15299527
      objectReference: {fileID: 0}
    - target: {fileID: 7198528448895853697, guid: 704d51d8df12940458b3c6b65da9e9f9, type: 3}
      propertyPath: m_LocalEulerAnglesHint.x
      value: 17.601
      objectReference: {fileID: 0}
    - target: {fileID: 7198528448895853697, guid: 704d51d8df12940458b3c6b65da9e9f9, type: 3}
      propertyPath: m_LocalEulerAnglesHint.y
      value: 180
      objectReference: {fileID: 0}
    - target: {fileID: 7198528448895853697, guid: 704d51d8df12940458b3c6b65da9e9f9, type: 3}
      propertyPath: m_LocalEulerAnglesHint.z
      value: 0
      objectReference: {fileID: 0}
    - target: {fileID: 7542860668887334459, guid: 704d51d8df12940458b3c6b65da9e9f9, type: 3}
      propertyPath: m_Name
      value: book 8
      objectReference: {fileID: 0}
    m_RemovedComponents: []
  m_SourcePrefab: {fileID: 100100000, guid: 704d51d8df12940458b3c6b65da9e9f9, type: 3}
--- !u!4 &2336548750879629876 stripped
Transform:
  m_CorrespondingSourceObject: {fileID: 7198528448895853697, guid: 704d51d8df12940458b3c6b65da9e9f9, type: 3}
  m_PrefabInstance: {fileID: 4867082544365635253}
  m_PrefabAsset: {fileID: 0}
--- !u!1001 &6604233753737353230
PrefabInstance:
  m_ObjectHideFlags: 0
  serializedVersion: 2
  m_Modification:
    m_TransformParent: {fileID: 7227814309181354462}
    m_Modifications:
    - target: {fileID: 3747917286554867012, guid: ed76d847e78675a44ab1ebe7d0eaf480, type: 3}
      propertyPath: m_Name
      value: book 1
      objectReference: {fileID: 0}
    - target: {fileID: 4560059852958093310, guid: ed76d847e78675a44ab1ebe7d0eaf480, type: 3}
      propertyPath: m_RootOrder
      value: 1
      objectReference: {fileID: 0}
    - target: {fileID: 4560059852958093310, guid: ed76d847e78675a44ab1ebe7d0eaf480, type: 3}
      propertyPath: m_LocalScale.x
      value: 20
      objectReference: {fileID: 0}
    - target: {fileID: 4560059852958093310, guid: ed76d847e78675a44ab1ebe7d0eaf480, type: 3}
      propertyPath: m_LocalScale.y
      value: 20
      objectReference: {fileID: 0}
    - target: {fileID: 4560059852958093310, guid: ed76d847e78675a44ab1ebe7d0eaf480, type: 3}
      propertyPath: m_LocalScale.z
      value: 20
      objectReference: {fileID: 0}
    - target: {fileID: 4560059852958093310, guid: ed76d847e78675a44ab1ebe7d0eaf480, type: 3}
      propertyPath: m_LocalPosition.x
      value: 11.868
      objectReference: {fileID: 0}
    - target: {fileID: 4560059852958093310, guid: ed76d847e78675a44ab1ebe7d0eaf480, type: 3}
      propertyPath: m_LocalPosition.y
      value: -0.024
      objectReference: {fileID: 0}
    - target: {fileID: 4560059852958093310, guid: ed76d847e78675a44ab1ebe7d0eaf480, type: 3}
      propertyPath: m_LocalPosition.z
      value: -26.138
      objectReference: {fileID: 0}
    - target: {fileID: 4560059852958093310, guid: ed76d847e78675a44ab1ebe7d0eaf480, type: 3}
      propertyPath: m_LocalRotation.w
      value: 0
      objectReference: {fileID: 0}
    - target: {fileID: 4560059852958093310, guid: ed76d847e78675a44ab1ebe7d0eaf480, type: 3}
      propertyPath: m_LocalRotation.x
      value: -0
      objectReference: {fileID: 0}
    - target: {fileID: 4560059852958093310, guid: ed76d847e78675a44ab1ebe7d0eaf480, type: 3}
      propertyPath: m_LocalRotation.y
      value: 0.98510367
      objectReference: {fileID: 0}
    - target: {fileID: 4560059852958093310, guid: ed76d847e78675a44ab1ebe7d0eaf480, type: 3}
      propertyPath: m_LocalRotation.z
      value: 0.17196201
      objectReference: {fileID: 0}
    - target: {fileID: 4560059852958093310, guid: ed76d847e78675a44ab1ebe7d0eaf480, type: 3}
      propertyPath: m_LocalEulerAnglesHint.x
      value: -19.804
      objectReference: {fileID: 0}
    - target: {fileID: 4560059852958093310, guid: ed76d847e78675a44ab1ebe7d0eaf480, type: 3}
      propertyPath: m_LocalEulerAnglesHint.y
      value: 180
      objectReference: {fileID: 0}
    - target: {fileID: 4560059852958093310, guid: ed76d847e78675a44ab1ebe7d0eaf480, type: 3}
      propertyPath: m_LocalEulerAnglesHint.z
      value: 0
      objectReference: {fileID: 0}
    m_RemovedComponents: []
  m_SourcePrefab: {fileID: 100100000, guid: ed76d847e78675a44ab1ebe7d0eaf480, type: 3}
--- !u!4 &7272862448434976752 stripped
Transform:
  m_CorrespondingSourceObject: {fileID: 4560059852958093310, guid: ed76d847e78675a44ab1ebe7d0eaf480, type: 3}
  m_PrefabInstance: {fileID: 6604233753737353230}
  m_PrefabAsset: {fileID: 0}
--- !u!1001 &7080019275732335332
PrefabInstance:
  m_ObjectHideFlags: 0
  serializedVersion: 2
  m_Modification:
    m_TransformParent: {fileID: 7227814309181354462}
    m_Modifications:
    - target: {fileID: 3556290053707124825, guid: ce5b1328caa817447acf88039c8fff65, type: 3}
      propertyPath: m_Name
      value: book 2
      objectReference: {fileID: 0}
    - target: {fileID: 4184312835075443427, guid: ce5b1328caa817447acf88039c8fff65, type: 3}
      propertyPath: m_RootOrder
      value: 2
      objectReference: {fileID: 0}
    - target: {fileID: 4184312835075443427, guid: ce5b1328caa817447acf88039c8fff65, type: 3}
      propertyPath: m_LocalScale.x
      value: 20
      objectReference: {fileID: 0}
    - target: {fileID: 4184312835075443427, guid: ce5b1328caa817447acf88039c8fff65, type: 3}
      propertyPath: m_LocalScale.y
      value: 20
      objectReference: {fileID: 0}
    - target: {fileID: 4184312835075443427, guid: ce5b1328caa817447acf88039c8fff65, type: 3}
      propertyPath: m_LocalScale.z
      value: 20
      objectReference: {fileID: 0}
    - target: {fileID: 4184312835075443427, guid: ce5b1328caa817447acf88039c8fff65, type: 3}
      propertyPath: m_LocalPosition.x
      value: 11.873
      objectReference: {fileID: 0}
    - target: {fileID: 4184312835075443427, guid: ce5b1328caa817447acf88039c8fff65, type: 3}
      propertyPath: m_LocalPosition.y
      value: -0.019
      objectReference: {fileID: 0}
    - target: {fileID: 4184312835075443427, guid: ce5b1328caa817447acf88039c8fff65, type: 3}
      propertyPath: m_LocalPosition.z
      value: -26.284
      objectReference: {fileID: 0}
    - target: {fileID: 4184312835075443427, guid: ce5b1328caa817447acf88039c8fff65, type: 3}
      propertyPath: m_LocalRotation.w
      value: 0
      objectReference: {fileID: 0}
    - target: {fileID: 4184312835075443427, guid: ce5b1328caa817447acf88039c8fff65, type: 3}
      propertyPath: m_LocalRotation.x
      value: 0
      objectReference: {fileID: 0}
    - target: {fileID: 4184312835075443427, guid: ce5b1328caa817447acf88039c8fff65, type: 3}
      propertyPath: m_LocalRotation.y
      value: 1
      objectReference: {fileID: 0}
    - target: {fileID: 4184312835075443427, guid: ce5b1328caa817447acf88039c8fff65, type: 3}
      propertyPath: m_LocalRotation.z
      value: 0
      objectReference: {fileID: 0}
    - target: {fileID: 4184312835075443427, guid: ce5b1328caa817447acf88039c8fff65, type: 3}
      propertyPath: m_LocalEulerAnglesHint.x
      value: 0
      objectReference: {fileID: 0}
    - target: {fileID: 4184312835075443427, guid: ce5b1328caa817447acf88039c8fff65, type: 3}
      propertyPath: m_LocalEulerAnglesHint.y
      value: 180
      objectReference: {fileID: 0}
    - target: {fileID: 4184312835075443427, guid: ce5b1328caa817447acf88039c8fff65, type: 3}
      propertyPath: m_LocalEulerAnglesHint.z
      value: 0
      objectReference: {fileID: 0}
    m_RemovedComponents: []
  m_SourcePrefab: {fileID: 100100000, guid: ce5b1328caa817447acf88039c8fff65, type: 3}
--- !u!4 &6363835174063845383 stripped
Transform:
  m_CorrespondingSourceObject: {fileID: 4184312835075443427, guid: ce5b1328caa817447acf88039c8fff65, type: 3}
  m_PrefabInstance: {fileID: 7080019275732335332}
  m_PrefabAsset: {fileID: 0}
