%YAML 1.1
%TAG !u! tag:unity3d.com,2011:
--- !u!1 &9120068411000445633
GameObject:
  m_ObjectHideFlags: 0
  m_CorrespondingSourceObject: {fileID: 0}
  m_PrefabInstance: {fileID: 0}
  m_PrefabAsset: {fileID: 0}
  serializedVersion: 6
  m_Component:
  - component: {fileID: 8492431321782616187}
  - component: {fileID: 2748309516019831513}
  - component: {fileID: 2844895238498945957}
  m_Layer: 0
  m_Name: greenhouseDeskBase
  m_TagString: PlantBase
  m_Icon: {fileID: 0}
  m_NavMeshLayer: 0
  m_StaticEditorFlags: 0
  m_IsActive: 1
--- !u!4 &8492431321782616187
Transform:
  m_ObjectHideFlags: 0
  m_CorrespondingSourceObject: {fileID: 0}
  m_PrefabInstance: {fileID: 0}
  m_PrefabAsset: {fileID: 0}
  m_GameObject: {fileID: 9120068411000445633}
  m_LocalRotation: {x: -0, y: 0.70710576, z: -0, w: 0.70710784}
  m_LocalPosition: {x: 26.101582, y: 0.905, z: -25.406}
  m_LocalScale: {x: 1, y: 1, z: 1}
  m_Children:
  - {fileID: 4120106588840516660}
  - {fileID: 3314946629007797797}
  - {fileID: 5162538056427109640}
  - {fileID: 8085664955694535297}
  m_Father: {fileID: 0}
  m_RootOrder: 0
  m_LocalEulerAnglesHint: {x: 0, y: 90, z: 0}
--- !u!65 &2748309516019831513
BoxCollider:
  m_ObjectHideFlags: 0
  m_CorrespondingSourceObject: {fileID: 0}
  m_PrefabInstance: {fileID: 0}
  m_PrefabAsset: {fileID: 0}
  m_GameObject: {fileID: 9120068411000445633}
  m_Material: {fileID: 0}
  m_IsTrigger: 0
  m_Enabled: 1
  serializedVersion: 2
  m_Size: {x: 0.59477043, y: 0.46065903, z: 0.55618477}
  m_Center: {x: -0.027243674, y: 0.641996, z: -0.012146682}
--- !u!114 &2844895238498945957
MonoBehaviour:
  m_ObjectHideFlags: 0
  m_CorrespondingSourceObject: {fileID: 0}
  m_PrefabInstance: {fileID: 0}
  m_PrefabAsset: {fileID: 0}
  m_GameObject: {fileID: 9120068411000445633}
  m_Enabled: 1
  m_EditorHideFlags: 0
  m_Script: {fileID: 11500000, guid: 1cb885a98b5c95c46bff6825319d41d4, type: 3}
  m_Name: 
  m_EditorClassIdentifier: 
  potBaseIndex: -1
  potPlaced: 0
  potPlacedOriginalTransform: {x: 0, y: 0, z: 0}
--- !u!1 &9218982257521119447
GameObject:
  m_ObjectHideFlags: 0
  m_CorrespondingSourceObject: {fileID: 0}
  m_PrefabInstance: {fileID: 0}
  m_PrefabAsset: {fileID: 0}
  serializedVersion: 6
  m_Component:
  - component: {fileID: 4120106588840516660}
  - component: {fileID: 1037044118642912245}
  - component: {fileID: 5562427819258209547}
  - component: {fileID: 6434728120207376095}
  m_Layer: 0
  m_Name: support_center_Cylinder_supportBase
  m_TagString: Untagged
  m_Icon: {fileID: 0}
  m_NavMeshLayer: 0
  m_StaticEditorFlags: 0
  m_IsActive: 1
--- !u!4 &4120106588840516660
Transform:
  m_ObjectHideFlags: 0
  m_CorrespondingSourceObject: {fileID: 0}
  m_PrefabInstance: {fileID: 0}
  m_PrefabAsset: {fileID: 0}
  m_GameObject: {fileID: 9218982257521119447}
  m_LocalRotation: {x: 0, y: -0, z: -0, w: 1}
  m_LocalPosition: {x: -0, y: 0, z: 0}
  m_LocalScale: {x: 1, y: 1, z: 1}
  m_Children: []
  m_Father: {fileID: 8492431321782616187}
  m_RootOrder: 0
  m_LocalEulerAnglesHint: {x: 0, y: 0, z: 0}
--- !u!33 &1037044118642912245
MeshFilter:
  m_ObjectHideFlags: 0
  m_CorrespondingSourceObject: {fileID: 0}
  m_PrefabInstance: {fileID: 0}
  m_PrefabAsset: {fileID: 0}
  m_GameObject: {fileID: 9218982257521119447}
  m_Mesh: {fileID: 1537696128610891558, guid: c82000e273505434fb1f3acd0914aead, type: 3}
--- !u!23 &5562427819258209547
MeshRenderer:
  m_ObjectHideFlags: 0
  m_CorrespondingSourceObject: {fileID: 0}
  m_PrefabInstance: {fileID: 0}
  m_PrefabAsset: {fileID: 0}
  m_GameObject: {fileID: 9218982257521119447}
  m_Enabled: 1
  m_CastShadows: 1
  m_ReceiveShadows: 1
  m_DynamicOccludee: 1
  m_MotionVectors: 1
  m_LightProbeUsage: 1
  m_ReflectionProbeUsage: 1
  m_RayTracingMode: 2
  m_RayTraceProcedural: 0
  m_RenderingLayerMask: 1
  m_RendererPriority: 0
  m_Materials:
  - {fileID: 2100000, guid: c3ceaa04ca4cc214f92fc75ae1502665, type: 2}
  m_StaticBatchInfo:
    firstSubMesh: 0
    subMeshCount: 0
  m_StaticBatchRoot: {fileID: 0}
  m_ProbeAnchor: {fileID: 0}
  m_LightProbeVolumeOverride: {fileID: 0}
  m_ScaleInLightmap: 1
  m_ReceiveGI: 1
  m_PreserveUVs: 0
  m_IgnoreNormalsForChartDetection: 0
  m_ImportantGI: 0
  m_StitchLightmapSeams: 1
  m_SelectedEditorRenderState: 3
  m_MinimumChartSize: 4
  m_AutoUVMaxDistance: 0.5
  m_AutoUVMaxAngle: 89
  m_LightmapParameters: {fileID: 0}
  m_SortingLayerID: 0
  m_SortingLayer: 0
  m_SortingOrder: 0
  m_AdditionalVertexStreams: {fileID: 0}
--- !u!64 &6434728120207376095
MeshCollider:
  m_ObjectHideFlags: 0
  m_CorrespondingSourceObject: {fileID: 0}
  m_PrefabInstance: {fileID: 0}
  m_PrefabAsset: {fileID: 0}
  m_GameObject: {fileID: 9218982257521119447}
  m_Material: {fileID: 0}
  m_IsTrigger: 0
  m_Enabled: 1
  serializedVersion: 4
  m_Convex: 0
  m_CookingOptions: 30
  m_Mesh: {fileID: 1537696128610891558, guid: c82000e273505434fb1f3acd0914aead, type: 3}
--- !u!1001 &2653662986840776366
PrefabInstance:
  m_ObjectHideFlags: 0
  serializedVersion: 2
  m_Modification:
    m_TransformParent: {fileID: 8492431321782616187}
    m_Modifications:
    - target: {fileID: 1352889280027299189, guid: e6dae3d727071c84e97b63b8355d3b86, type: 3}
      propertyPath: m_UseGravity
      value: 0
      objectReference: {fileID: 0}
    - target: {fileID: 1352889280027299189, guid: e6dae3d727071c84e97b63b8355d3b86, type: 3}
      propertyPath: m_IsKinematic
      value: 0
      objectReference: {fileID: 0}
    - target: {fileID: 6117499204211330095, guid: e6dae3d727071c84e97b63b8355d3b86, type: 3}
      propertyPath: m_RootOrder
      value: 3
      objectReference: {fileID: 0}
    - target: {fileID: 6117499204211330095, guid: e6dae3d727071c84e97b63b8355d3b86, type: 3}
      propertyPath: m_LocalPosition.x
      value: -0.024
      objectReference: {fileID: 0}
    - target: {fileID: 6117499204211330095, guid: e6dae3d727071c84e97b63b8355d3b86, type: 3}
      propertyPath: m_LocalPosition.y
      value: 0.448
      objectReference: {fileID: 0}
    - target: {fileID: 6117499204211330095, guid: e6dae3d727071c84e97b63b8355d3b86, type: 3}
      propertyPath: m_LocalPosition.z
      value: -1.104
      objectReference: {fileID: 0}
    - target: {fileID: 6117499204211330095, guid: e6dae3d727071c84e97b63b8355d3b86, type: 3}
      propertyPath: m_LocalRotation.w
      value: 0.99144495
      objectReference: {fileID: 0}
    - target: {fileID: 6117499204211330095, guid: e6dae3d727071c84e97b63b8355d3b86, type: 3}
      propertyPath: m_LocalRotation.x
      value: 0.13052598
      objectReference: {fileID: 0}
    - target: {fileID: 6117499204211330095, guid: e6dae3d727071c84e97b63b8355d3b86, type: 3}
      propertyPath: m_LocalRotation.y
      value: -0.000000029802322
      objectReference: {fileID: 0}
    - target: {fileID: 6117499204211330095, guid: e6dae3d727071c84e97b63b8355d3b86, type: 3}
      propertyPath: m_LocalRotation.z
      value: -0.0000003799796
      objectReference: {fileID: 0}
    - target: {fileID: 6117499204211330095, guid: e6dae3d727071c84e97b63b8355d3b86, type: 3}
      propertyPath: m_LocalEulerAnglesHint.x
      value: 15
      objectReference: {fileID: 0}
    - target: {fileID: 6117499204211330095, guid: e6dae3d727071c84e97b63b8355d3b86, type: 3}
      propertyPath: m_LocalEulerAnglesHint.y
      value: 0
      objectReference: {fileID: 0}
    - target: {fileID: 6117499204211330095, guid: e6dae3d727071c84e97b63b8355d3b86, type: 3}
      propertyPath: m_LocalEulerAnglesHint.z
      value: 0
      objectReference: {fileID: 0}
    - target: {fileID: 6469742626758076064, guid: e6dae3d727071c84e97b63b8355d3b86, type: 3}
      propertyPath: m_Name
      value: PlantGreen
      objectReference: {fileID: 0}
    - target: {fileID: 6469742626758076064, guid: e6dae3d727071c84e97b63b8355d3b86, type: 3}
      propertyPath: m_IsActive
      value: 0
      objectReference: {fileID: 0}
    - target: {fileID: 6469742626758076064, guid: e6dae3d727071c84e97b63b8355d3b86, type: 3}
      propertyPath: m_TagString
      value: Untagged
      objectReference: {fileID: 0}
    m_RemovedComponents: []
  m_SourcePrefab: {fileID: 100100000, guid: e6dae3d727071c84e97b63b8355d3b86, type: 3}
--- !u!4 &8085664955694535297 stripped
Transform:
  m_CorrespondingSourceObject: {fileID: 6117499204211330095, guid: e6dae3d727071c84e97b63b8355d3b86, type: 3}
  m_PrefabInstance: {fileID: 2653662986840776366}
  m_PrefabAsset: {fileID: 0}
--- !u!1001 &7344762504804318380
PrefabInstance:
  m_ObjectHideFlags: 0
  serializedVersion: 2
  m_Modification:
    m_TransformParent: {fileID: 8492431321782616187}
    m_Modifications:
    - target: {fileID: 2128521535362817263, guid: 3579118ce9d047b4bbd94ef533d9c5d1, type: 3}
      propertyPath: m_Name
      value: PlantBlue
      objectReference: {fileID: 0}
    - target: {fileID: 2128521535362817263, guid: 3579118ce9d047b4bbd94ef533d9c5d1, type: 3}
      propertyPath: m_IsActive
      value: 0
      objectReference: {fileID: 0}
    - target: {fileID: 2128521535362817263, guid: 3579118ce9d047b4bbd94ef533d9c5d1, type: 3}
      propertyPath: m_TagString
      value: Untagged
      objectReference: {fileID: 0}
    - target: {fileID: 2470457045044543908, guid: 3579118ce9d047b4bbd94ef533d9c5d1, type: 3}
      propertyPath: m_RootOrder
      value: 2
      objectReference: {fileID: 0}
    - target: {fileID: 2470457045044543908, guid: 3579118ce9d047b4bbd94ef533d9c5d1, type: 3}
      propertyPath: m_LocalPosition.x
      value: -0.024
      objectReference: {fileID: 0}
    - target: {fileID: 2470457045044543908, guid: 3579118ce9d047b4bbd94ef533d9c5d1, type: 3}
      propertyPath: m_LocalPosition.y
      value: 0.448
      objectReference: {fileID: 0}
    - target: {fileID: 2470457045044543908, guid: 3579118ce9d047b4bbd94ef533d9c5d1, type: 3}
      propertyPath: m_LocalPosition.z
      value: -1.104
      objectReference: {fileID: 0}
    - target: {fileID: 2470457045044543908, guid: 3579118ce9d047b4bbd94ef533d9c5d1, type: 3}
      propertyPath: m_LocalRotation.w
      value: 0.99144495
      objectReference: {fileID: 0}
    - target: {fileID: 2470457045044543908, guid: 3579118ce9d047b4bbd94ef533d9c5d1, type: 3}
      propertyPath: m_LocalRotation.x
      value: 0.13052598
      objectReference: {fileID: 0}
    - target: {fileID: 2470457045044543908, guid: 3579118ce9d047b4bbd94ef533d9c5d1, type: 3}
      propertyPath: m_LocalRotation.y
      value: -0.000000029802322
      objectReference: {fileID: 0}
    - target: {fileID: 2470457045044543908, guid: 3579118ce9d047b4bbd94ef533d9c5d1, type: 3}
      propertyPath: m_LocalRotation.z
      value: -0.0000003799796
      objectReference: {fileID: 0}
    - target: {fileID: 2470457045044543908, guid: 3579118ce9d047b4bbd94ef533d9c5d1, type: 3}
      propertyPath: m_LocalEulerAnglesHint.x
      value: 15
      objectReference: {fileID: 0}
    - target: {fileID: 2470457045044543908, guid: 3579118ce9d047b4bbd94ef533d9c5d1, type: 3}
      propertyPath: m_LocalEulerAnglesHint.y
      value: 0
      objectReference: {fileID: 0}
    - target: {fileID: 2470457045044543908, guid: 3579118ce9d047b4bbd94ef533d9c5d1, type: 3}
      propertyPath: m_LocalEulerAnglesHint.z
      value: 0
      objectReference: {fileID: 0}
    - target: {fileID: 8245079454036242937, guid: 3579118ce9d047b4bbd94ef533d9c5d1, type: 3}
      propertyPath: m_UseGravity
      value: 0
      objectReference: {fileID: 0}
    - target: {fileID: 8245079454036242937, guid: 3579118ce9d047b4bbd94ef533d9c5d1, type: 3}
      propertyPath: m_IsKinematic
      value: 0
      objectReference: {fileID: 0}
    m_RemovedComponents: []
  m_SourcePrefab: {fileID: 100100000, guid: 3579118ce9d047b4bbd94ef533d9c5d1, type: 3}
--- !u!4 &5162538056427109640 stripped
Transform:
  m_CorrespondingSourceObject: {fileID: 2470457045044543908, guid: 3579118ce9d047b4bbd94ef533d9c5d1, type: 3}
  m_PrefabInstance: {fileID: 7344762504804318380}
  m_PrefabAsset: {fileID: 0}
--- !u!1001 &8188152484709709449
PrefabInstance:
  m_ObjectHideFlags: 0
  serializedVersion: 2
  m_Modification:
    m_TransformParent: {fileID: 8492431321782616187}
    m_Modifications:
    - target: {fileID: 6118412242439995926, guid: a3cda7a344ad49e4ea40c6b855e91dba, type: 3}
      propertyPath: m_Name
      value: PlantRed
      objectReference: {fileID: 0}
    - target: {fileID: 6118412242439995926, guid: a3cda7a344ad49e4ea40c6b855e91dba, type: 3}
      propertyPath: m_IsActive
      value: 0
      objectReference: {fileID: 0}
    - target: {fileID: 6118412242439995926, guid: a3cda7a344ad49e4ea40c6b855e91dba, type: 3}
      propertyPath: m_TagString
      value: Untagged
      objectReference: {fileID: 0}
    - target: {fileID: 6891394907940444332, guid: a3cda7a344ad49e4ea40c6b855e91dba, type: 3}
      propertyPath: m_RootOrder
      value: 1
      objectReference: {fileID: 0}
    - target: {fileID: 6891394907940444332, guid: a3cda7a344ad49e4ea40c6b855e91dba, type: 3}
      propertyPath: m_LocalPosition.x
      value: -0.024
      objectReference: {fileID: 0}
    - target: {fileID: 6891394907940444332, guid: a3cda7a344ad49e4ea40c6b855e91dba, type: 3}
      propertyPath: m_LocalPosition.y
      value: 0.448
      objectReference: {fileID: 0}
    - target: {fileID: 6891394907940444332, guid: a3cda7a344ad49e4ea40c6b855e91dba, type: 3}
      propertyPath: m_LocalPosition.z
      value: -1.104
      objectReference: {fileID: 0}
    - target: {fileID: 6891394907940444332, guid: a3cda7a344ad49e4ea40c6b855e91dba, type: 3}
      propertyPath: m_LocalRotation.w
      value: 0.99144495
      objectReference: {fileID: 0}
    - target: {fileID: 6891394907940444332, guid: a3cda7a344ad49e4ea40c6b855e91dba, type: 3}
      propertyPath: m_LocalRotation.x
      value: 0.13052598
      objectReference: {fileID: 0}
    - target: {fileID: 6891394907940444332, guid: a3cda7a344ad49e4ea40c6b855e91dba, type: 3}
      propertyPath: m_LocalRotation.y
      value: -0.000000029802322
      objectReference: {fileID: 0}
    - target: {fileID: 6891394907940444332, guid: a3cda7a344ad49e4ea40c6b855e91dba, type: 3}
      propertyPath: m_LocalRotation.z
      value: -0.0000003799796
      objectReference: {fileID: 0}
    - target: {fileID: 6891394907940444332, guid: a3cda7a344ad49e4ea40c6b855e91dba, type: 3}
      propertyPath: m_LocalEulerAnglesHint.x
      value: 15
      objectReference: {fileID: 0}
    - target: {fileID: 6891394907940444332, guid: a3cda7a344ad49e4ea40c6b855e91dba, type: 3}
      propertyPath: m_LocalEulerAnglesHint.y
      value: 0
      objectReference: {fileID: 0}
    - target: {fileID: 6891394907940444332, guid: a3cda7a344ad49e4ea40c6b855e91dba, type: 3}
      propertyPath: m_LocalEulerAnglesHint.z
      value: 0
      objectReference: {fileID: 0}
    - target: {fileID: 7117500954431787384, guid: a3cda7a344ad49e4ea40c6b855e91dba, type: 3}
      propertyPath: m_UseGravity
      value: 0
      objectReference: {fileID: 0}
    - target: {fileID: 7117500954431787384, guid: a3cda7a344ad49e4ea40c6b855e91dba, type: 3}
      propertyPath: m_IsKinematic
      value: 0
      objectReference: {fileID: 0}
    m_RemovedComponents: []
  m_SourcePrefab: {fileID: 100100000, guid: a3cda7a344ad49e4ea40c6b855e91dba, type: 3}
--- !u!4 &3314946629007797797 stripped
Transform:
  m_CorrespondingSourceObject: {fileID: 6891394907940444332, guid: a3cda7a344ad49e4ea40c6b855e91dba, type: 3}
  m_PrefabInstance: {fileID: 8188152484709709449}
  m_PrefabAsset: {fileID: 0}
