%YAML 1.1
%TAG !u! tag:unity3d.com,2011:
--- !u!1 &5026192073124757233
GameObject:
  m_ObjectHideFlags: 0
  m_CorrespondingSourceObject: {fileID: 0}
  m_PrefabInstance: {fileID: 0}
  m_PrefabAsset: {fileID: 0}
  serializedVersion: 6
  m_Component:
  - component: {fileID: 8391972294146053816}
  - component: {fileID: 794412940078498181}
  - component: {fileID: 7194981772102487014}
  - component: {fileID: 2681942889124276332}
  m_Layer: 0
  m_Name: holoMars
  m_TagString: Untagged
  m_Icon: {fileID: 0}
  m_NavMeshLayer: 0
  m_StaticEditorFlags: 0
  m_IsActive: 1
--- !u!4 &8391972294146053816
Transform:
  m_ObjectHideFlags: 0
  m_CorrespondingSourceObject: {fileID: 0}
  m_PrefabInstance: {fileID: 0}
  m_PrefabAsset: {fileID: 0}
  m_GameObject: {fileID: 5026192073124757233}
  m_LocalRotation: {x: 0.0025517186, y: 0.0006504665, z: -0.000580916, w: 0.99999636}
  m_LocalPosition: {x: 0, y: 0.18, z: 0.001}
  m_LocalScale: {x: 0.13267064, y: 0.13267061, z: 0.13267064}
  m_Children:
  - {fileID: 7442720110345479760}
  m_Father: {fileID: 0}
  m_RootOrder: 0
  m_LocalEulerAnglesHint: {x: 0, y: 0, z: 0}
--- !u!33 &794412940078498181
MeshFilter:
  m_ObjectHideFlags: 0
  m_CorrespondingSourceObject: {fileID: 0}
  m_PrefabInstance: {fileID: 0}
  m_PrefabAsset: {fileID: 0}
  m_GameObject: {fileID: 5026192073124757233}
  m_Mesh: {fileID: 10207, guid: 0000000000000000e000000000000000, type: 0}
--- !u!23 &7194981772102487014
MeshRenderer:
  m_ObjectHideFlags: 0
  m_CorrespondingSourceObject: {fileID: 0}
  m_PrefabInstance: {fileID: 0}
  m_PrefabAsset: {fileID: 0}
  m_GameObject: {fileID: 5026192073124757233}
  m_Enabled: 1
  m_CastShadows: 1
  m_ReceiveShadows: 1
  m_DynamicOccludee: 1
  m_MotionVectors: 1
  m_LightProbeUsage: 1
  m_ReflectionProbeUsage: 1
  m_RayTracingMode: 2
  m_RayTraceProcedural: 0
  m_RenderingLayerMask: 1
  m_RendererPriority: 0
  m_Materials:
  - {fileID: 2100000, guid: 26e4c491eb629e84ca94faf7a23ad34f, type: 2}
  m_StaticBatchInfo:
    firstSubMesh: 0
    subMeshCount: 0
  m_StaticBatchRoot: {fileID: 0}
  m_ProbeAnchor: {fileID: 0}
  m_LightProbeVolumeOverride: {fileID: 0}
  m_ScaleInLightmap: 1
  m_ReceiveGI: 1
  m_PreserveUVs: 0
  m_IgnoreNormalsForChartDetection: 0
  m_ImportantGI: 0
  m_StitchLightmapSeams: 1
  m_SelectedEditorRenderState: 3
  m_MinimumChartSize: 4
  m_AutoUVMaxDistance: 0.5
  m_AutoUVMaxAngle: 89
  m_LightmapParameters: {fileID: 0}
  m_SortingLayerID: 0
  m_SortingLayer: 0
  m_SortingOrder: 0
  m_AdditionalVertexStreams: {fileID: 0}
--- !u!135 &2681942889124276332
SphereCollider:
  m_ObjectHideFlags: 0
  m_CorrespondingSourceObject: {fileID: 0}
  m_PrefabInstance: {fileID: 0}
  m_PrefabAsset: {fileID: 0}
  m_GameObject: {fileID: 5026192073124757233}
  m_Material: {fileID: 0}
  m_IsTrigger: 0
  m_Enabled: 1
  serializedVersion: 2
  m_Radius: 0.5
  m_Center: {x: 0, y: 0, z: 0}
--- !u!1001 &6972526584992432571
PrefabInstance:
  m_ObjectHideFlags: 0
  serializedVersion: 2
  m_Modification:
    m_TransformParent: {fileID: 8391972294146053816}
    m_Modifications:
    - target: {fileID: -8679921383154817045, guid: feea726542b0a6c40b5a8fc33f905198, type: 3}
      propertyPath: m_RootOrder
      value: 0
      objectReference: {fileID: 0}
    - target: {fileID: -8679921383154817045, guid: feea726542b0a6c40b5a8fc33f905198, type: 3}
      propertyPath: m_LocalScale.x
      value: 3.5
      objectReference: {fileID: 0}
    - target: {fileID: -8679921383154817045, guid: feea726542b0a6c40b5a8fc33f905198, type: 3}
      propertyPath: m_LocalScale.y
      value: 3.5
      objectReference: {fileID: 0}
    - target: {fileID: -8679921383154817045, guid: feea726542b0a6c40b5a8fc33f905198, type: 3}
      propertyPath: m_LocalScale.z
      value: 3.5
      objectReference: {fileID: 0}
    - target: {fileID: -8679921383154817045, guid: feea726542b0a6c40b5a8fc33f905198, type: 3}
      propertyPath: m_LocalPosition.x
      value: 0
      objectReference: {fileID: 0}
    - target: {fileID: -8679921383154817045, guid: feea726542b0a6c40b5a8fc33f905198, type: 3}
      propertyPath: m_LocalPosition.y
      value: -0.989
      objectReference: {fileID: 0}
    - target: {fileID: -8679921383154817045, guid: feea726542b0a6c40b5a8fc33f905198, type: 3}
      propertyPath: m_LocalPosition.z
      value: -0.013
      objectReference: {fileID: 0}
    - target: {fileID: -8679921383154817045, guid: feea726542b0a6c40b5a8fc33f905198, type: 3}
      propertyPath: m_LocalRotation.w
      value: 1
      objectReference: {fileID: 0}
    - target: {fileID: -8679921383154817045, guid: feea726542b0a6c40b5a8fc33f905198, type: 3}
      propertyPath: m_LocalRotation.x
      value: 0
      objectReference: {fileID: 0}
    - target: {fileID: -8679921383154817045, guid: feea726542b0a6c40b5a8fc33f905198, type: 3}
      propertyPath: m_LocalRotation.y
      value: 0
      objectReference: {fileID: 0}
    - target: {fileID: -8679921383154817045, guid: feea726542b0a6c40b5a8fc33f905198, type: 3}
      propertyPath: m_LocalRotation.z
      value: 0
      objectReference: {fileID: 0}
    - target: {fileID: -8679921383154817045, guid: feea726542b0a6c40b5a8fc33f905198, type: 3}
      propertyPath: m_LocalEulerAnglesHint.x
      value: 0
      objectReference: {fileID: 0}
    - target: {fileID: -8679921383154817045, guid: feea726542b0a6c40b5a8fc33f905198, type: 3}
      propertyPath: m_LocalEulerAnglesHint.y
      value: 0
      objectReference: {fileID: 0}
    - target: {fileID: -8679921383154817045, guid: feea726542b0a6c40b5a8fc33f905198, type: 3}
      propertyPath: m_LocalEulerAnglesHint.z
      value: 0
      objectReference: {fileID: 0}
    - target: {fileID: 919132149155446097, guid: feea726542b0a6c40b5a8fc33f905198, type: 3}
      propertyPath: m_Name
      value: puntos unidos
      objectReference: {fileID: 0}
    m_RemovedComponents: []
  m_SourcePrefab: {fileID: 100100000, guid: feea726542b0a6c40b5a8fc33f905198, type: 3}
--- !u!4 &7442720110345479760 stripped
Transform:
  m_CorrespondingSourceObject: {fileID: -8679921383154817045, guid: feea726542b0a6c40b5a8fc33f905198, type: 3}
  m_PrefabInstance: {fileID: 6972526584992432571}
  m_PrefabAsset: {fileID: 0}
